@article{tabassum2023exploring,
    title={Exploring privacy implications of awareness and control mechanisms in smart home devices},
    author={Tabassum, Madiha and Lipford, Heather},
    journal={Proceedings on Privacy Enhancing Technologies},
    year={2023}
}

@inproceedings{chaudhari2020smart,
    title={Smart doorbell security system using IoT},
    author={Chaudhari, Udit and Gilbile, Sushmita and Bhosale, Gayatri and Chavan, Nishigandha and Wakhare, Prashant},
    booktitle={International Conference on Sciences and Technology},
    number={4228},
    year={2020}
}

@article{kelly2023ring,
    title={The ring video doorbell and the entry of amazon into the smart home: Implications for consumer-initiated surveillance},
    author={Kelly, KA},
    journal={Journal of Consumer Policy},
    volume={46},
    number={1},
    pages={95--104},
    year={2023},
    publisher={Springer}
}

@article{selinger2022amazon,
    title={Amazonâ€™s ring: Surveillance as a slippery slope service},
    author={Selinger, Evan and Durant, Darrin},
    journal={Science as culture},
    volume={31},
    number={1},
    pages={92--106},
    year={2022},
    publisher={Taylor \& Francis}
}

@article{lalitha2019smart,
    title={Smart surveillance with smart doorbell},
    author={Lalitha, RVS and Kavitha, Kayiram and Rao, NK and Mounika, G Rama and Sandhya, V},
    journal={Int. J. Innovative Technol. Explor. Eng.(IJITEE)},
    volume={8},
    number={8},
    pages={1841},
    year={2019}
}

@misc{liu2021ethical,
    title={Ethical Hacking of a Smart Video Doorbell},
    author={Liu, Xin},
    year={2021}
}

@article{shaffer2021applying,
    title={Applying a contextual integrity framework to privacy policies for smart technologies},
    author={Shaffer, Gwen},
    journal={Journal of Information Policy},
    volume={11},
    pages={243--247},
    year={2021},
    publisher={Pennsylvania State University Press}
}

@incollection{nissenbaum2009privacy,
    title={Privacy in context: Technology, policy, and the integrity of social life},
    author={Nissenbaum, Helen},
    booktitle={Privacy in context},
    year={2009},
    publisher={Stanford University Press}
}

@article{van2016privacy,
    title={Privacy concerns in smart cities},
    author={Van Zoonen, Liesbet},
    journal={Government Information Quarterly},
    volume={33},
    number={3},
    pages={472--480},
    year={2016},
    publisher={Elsevier}
}

@inproceedings{moh2023characterizing,
    title={Characterizing everyday misuse of smart home devices},
    author={Moh, Phoebe and Datta, Pubali and Warford, Noel and Bates, Adam and Malkin, Nathan and Mazurek, Michelle L},
    booktitle={2023 IEEE Symposium on Security and Privacy (SP)},
    pages={2835--2849},
    year={2023},
    organization={IEEE}
}